% @PREAMBLE{
%  "\providecommand{\noopsort}[1]{}" 
%  # "\providecommand{\singleletter}[1]{#1}%" 
% }

@ARTICLE{self-gpu-mat,
AUTHOR={Guhathakurta, Dipanwita and Rastgar , Fatemeh and Sharma , M. Aditya and Krishna , K. Madhava and Singh , Arun Kumar},   
TITLE={Fast Joint Multi-Robot Trajectory Optimization by GPU Accelerated Batch Solution of Distributed Sub-Problems},      	
JOURNAL={Frontiers in Robotics and AI},      	
VOLUME={9},           	
YEAR={2022},        
URL={https://www.frontiersin.org/articles/10.3389/frobt.2022.890385},  	
DOI={10.3389/frobt.2022.890385},      	
ISSN={2296-9144}
}

@inproceedings{dcp_multi_boyd,
  title={Disciplined multi-convex programming},
  author={Shen, Xinyue and Diamond, Steven and Udell, Madeleine and Gu, Yuantao and Boyd, Stephen},
  booktitle={2017 29th Chinese Control And Decision Conference (CCDC)},
  pages={895--900},
  year={2017},
  organization={IEEE}
}


@article{jain_mlbook,
  title={Non-convex optimization for machine learning},
  author={Jain, Prateek and Kar, Purushottam and others},
  journal={Foundations and Trends{\textregistered} in Machine Learning},
  volume={10},
  number={3-4},
  pages={142--336},
  year={2017},
  publisher={Now Publishers, Inc.}
}

@inproceedings{incremental_scp_how,
  title={Decoupled multiagent path planning via incremental sequential convex programming},
  author={Chen, Yufan and Cutler, Mark and How, Jonathan P},
  booktitle={2015 IEEE International Conference on Robotics and Automation (ICRA)},
  pages={5954--5961},
  year={2015},
  organization={IEEE}
}


@inproceedings{frenet_planner,
  title={Optimal trajectory generation for dynamic street scenarios in a frenet frame},
  author={Werling, Moritz and Ziegler, Julius and Kammel, S{\"o}ren and Thrun, Sebastian},
  booktitle={2010 IEEE International Conference on Robotics and Automation},
  pages={987--993},
  year={2010},
  organization={IEEE}
}

@inproceedings{rafaella_scp,
  title={Generation of collision-free trajectories for a quadrocopter fleet: A sequential convex programming approach},
  author={Augugliaro, Federico and Schoellig, Angela P and D'Andrea, Raffaello},
  booktitle={2012 IEEE/RSJ international conference on Intelligent Robots and Systems},
  pages={1917--1922},
  year={2012},
  organization={IEEE}
}

@article{dmpc_carlos,
  title={Online trajectory generation with distributed model predictive control for multi-robot motion planning},
  author={Luis, Carlos E and Vukosavljev, Marijan and Schoellig, Angela P},
  journal={IEEE Robotics and Automation Letters},
  volume={5},
  number={2},
  pages={604--611},
  year={2020},
  publisher={IEEE}
}


@article{dmpc_epfl,
  title={Predictive control of aerial swarms in cluttered environments},
  author={Soria, Enrica and Schiano, Fabrizio and Floreano, Dario},
  journal={Nature Machine Intelligence},
  volume={3},
  number={6},
  pages={545--554},
  year={2021},
  publisher={Nature Publishing Group}
}

@article{dmpc_carlos_2,
  title={Trajectory generation for multiagent point-to-point transitions via distributed model predictive control},
  author={Luis, Carlos E and Schoellig, Angela P},
  journal={IEEE Robotics and Automation Letters},
  volume={4},
  number={2},
  pages={375--382},
  year={2019},
  publisher={IEEE}
}

@article{alonso_mora_nips_multi,
  title={A message-passing algorithm for multi-agent trajectory planning},
  author={Bento, Jos{\'e} and Derbinsky, Nate and Alonso-Mora, Javier and Yedidia, Jonathan S},
  journal={Advances in neural information processing systems},
  volume={26},
  year={2013}
}

@article{aks_behavior_ral22,
author={Adajania, Vivek K. and Sharma, Aditya and Gupta, Anish and Masnavi, Houman and Krishna, K Madhava and Singh, Arun K.},
journal={IEEE Robotics and Automation Letters}, 
title={Multi-Modal Model Predictive Control Through Batch Non-Holonomic Trajectory Optimization: Application to Highway Driving}, 
year={2022},
volume={7},
number={2},
pages={4220-4227},
doi={10.1109/LRA.2022.3148460}
}

@article{rafaella_gpu,
  title={Fast generation of collision-free trajectories for robot swarms using GPU acceleration},
  author={Hamer, Michael and Widmer, Lino and D’andrea, Raffaello},
  journal={IEEE Access},
  volume={7},
  pages={6679--6690},
  year={2018},
  publisher={IEEE}
}


@inproceedings{admm_neural,
  title={Training neural networks without gradients: A scalable admm approach},
  author={Taylor, Gavin and Burmeister, Ryan and Xu, Zheng and Singh, Bharat and Patel, Ankit and Goldstein, Tom},
  booktitle={International conference on machine learning},
  pages={2722--2731},
  year={2016},
  organization={PMLR}
}

@article{multi_robot_1,
  title={A survey of distributed optimization methods for multi-robot systems},
  author={Halsted, Trevor and Shorinwa, Ola and Yu, Javier and Schwager, Mac},
  journal={arXiv preprint arXiv:2103.12840},
  year={2021}
}


@article{admm_non_convex_1,
  title={Operator-splitting and gradient methods for real-time predictive flight control design},
  author={Ferranti, Laura and Keviczky, Tamas},
  journal={Journal of Guidance, Control, and Dynamics},
  volume={40},
  number={2},
  pages={265--277},
  year={2017},
  publisher={American Institute of Aeronautics and Astronautics}
}


@inproceedings{admm_non_convex_2,
  title={Coordination of multiple vessels via distributed nonlinear model predictive control},
  author={Ferranti, Laura and Negenborn, Rudy R and Keviczky, Tam{\'a}s and Alonso-Mora, Javier},
  booktitle={2018 European Control Conference (ECC)},
  pages={2523--2528},
  year={2018},
  organization={IEEE}
}

@inproceedings{newton_gpu,
  title={GPU accelerated sub-sampled Newton's method for convex classification problems},
  author={Kylasa, Sudhir and Roosta, Fred and Mahoney, Michael W and Grama, Ananth},
  booktitle={Proceedings of the 2019 SIAM International Conference on Data Mining},
  pages={702--710},
  year={2019},
  organization={SIAM}
}


@article{aks_ral21,
  title={GPU Accelerated Convex Approximations for Fast Multi-Agent Trajectory Optimization},
  author={Rastgar, Fatemeh and Masnavi, Houman and Shrestha, Jatan and Kruusam{\"a}e, Karl and Aabloo, Alvo and Singh, Arun Kumar},
  journal={IEEE Robotics and Automation Letters},
  volume={6},
  number={2},
  pages={3303--3310},
  year={2021},
  publisher={IEEE}
}

@inproceedings{rastgar2020novel,
  title={A novel trajectory optimization for affine systems: Beyond convex-concave procedure},
  author={Rastgar, Fatemeh and Singh, Arun Kumar and Masnavi, Houman and Kruusamae, Karl and Aabloo, Alvo},
  booktitle={2020 IEEE/RSJ International Conference on Intelligent Robots and Systems (IROS)},
  pages={1308--1315},
  year={2020},
  organization={IEEE}
}

@inproceedings{aks_icra20,
  title={Bi-convex approximation of non-holonomic trajectory optimization},
  author={Singh, Arun Kumar and Theerthala, Raghu Ram and Babu, Mithun and Nair, Unni Krishnan R and Krishna, K Madhava},
  booktitle={2020 IEEE International Conference on Robotics and Automation (ICRA)},
  pages={476--482},
  year={2020},
  organization={IEEE}
}

@article{sharon_journal,
author = {Sharon, Guni and Stern, Roni and Felner, Ariel and Sturtevant, Nathan},
year = {2015},
month = {02},
pages = {40-66},
title = {Conflict-based search for optimal multi-agent pathfinding},
volume = {219},
journal = {Artificial Intelligence}
}

@misc{park2020efficient,
      title={Efficient Multi-Agent Trajectory Planning with Feasibility Guarantee using Relative Bernstein Polynomial},
      author={Jungwon Park and Junha Kim and Inkyu Jang and H. Jin Kim},
      year={2020},
      eprint={1909.10219},
      archivePrefix={arXiv},
      primaryClass={eess.SY}
}

@inproceedings{RVO,
author = {Van den Berg, Jur and Lin, Ming and Manocha, Dinesh},
year = {2008},
month = {05},
pages = {1928-1935},
title = {Reciprocal Velocity Obstacles for Real-Time Multi-agent Navigation},
journal = {ICRA},
doi = {10.1109/ROBOT.2008.4543489}
}

@article{bradbury2020jax,
  title={JAX: composable transformations of Python+ NumPy programs, 2018},
  author={Bradbury, James and Frostig, Roy and Hawkins, Peter and Johnson, Matthew James and Leary, Chris and Maclaurin, Dougal and Wanderman-Milne, Skye},
  journal={URL http://github. com/google/jax},
  volume={4},
  pages={16},
  year={2020}
}

@article{priority_seq,
author = {Li, Juncheng and Ran, Maopeng and Xie, Lihua},
year = {2020},
month = {12},
pages = {1-1},
title = {Efficient Trajectory Planning for Multiple Non-Holonomic Mobile Robots via Prioritized Trajectory Optimization},
volume = {PP},
journal = {IEEE Robotics and Automation Letters},
doi = {10.1109/LRA.2020.3044834}
}

@INPROCEEDINGS{drone_seq,  author={Augugliaro, Federico and Schoellig, Angela P. and D'Andrea, Raffaello},  booktitle={2012 IEEE/RSJ International Conference on Intelligent Robots and Systems},   title={Generation of collision-free trajectories for a quadrocopter fleet: A sequential convex programming approach},   year={2012},  volume={},  number={},  pages={1917-1922},  doi={10.1109/IROS.2012.6385823}}

@INPROCEEDINGS{iSCP,  author={Chen, Yufan and Cutler, Mark and How, Jonathan P.},  booktitle={2015 IEEE International Conference on Robotics and Automation (ICRA)},   title={Decoupled multiagent path planning via incremental sequential convex programming},   year={2015},  volume={},  number={},  pages={5954-5961},  doi={10.1109/ICRA.2015.7140034}}

@article{bakhshipour2017swarm,
  title={Swarm robotics search \& rescue: A novel artificial intelligence-inspired optimization approach},
  author={Bakhshipour, M and Ghadi, M Jabbari and Namdari, F},
  journal={Applied Soft Computing},
  volume={57},
  pages={708--726},
  year={2017},
  publisher={Elsevier}
}

@article{schranz2020swarm,
  title={Swarm robotic behaviors and current applications},
  author={Schranz, Melanie and Umlauft, Martina and Sende, Micha and Elmenreich, Wilfried},
  journal={Frontiers in Robotics and AI},
  volume={7},
  pages={36},
  year={2020},
  publisher={Frontiers}
}

@article{tarapore2020sparse,
  title={Sparse robot swarms: Moving swarms to real-world applications},
  author={Tarapore, Danesh and Gro{\ss}, Roderich and Zauner, Klaus-Peter},
  journal={Frontiers in Robotics and AI},
  volume={7},
  pages={83},
  year={2020},
  publisher={Frontiers}
}

@article{bolu2021adaptive,
  title={Adaptive task planning for multi-robot smart warehouse},
  author={Bolu, Ali and Kor{\c{c}}ak, {\"O}mer},
  journal={IEEE Access},
  volume={9},
  pages={27346--27358},
  year={2021},
  publisher={IEEE}
}

@article{zhou2017collision,
  title={Collision and deadlock avoidance in multirobot systems: A distributed approach},
  author={Zhou, Yuan and Hu, Hesuan and Liu, Yang and Ding, Zuohua},
  journal={IEEE Transactions on Systems, Man, and Cybernetics: Systems},
  volume={47},
  number={7},
  pages={1712--1726},
  year={2017},
  publisher={IEEE}
}

@inproceedings{adajania2021embedded,
  title={Embedded Hardware Appropriate Fast 3D Trajectory Optimization for Fixed Wing Aerial Vehicles by Leveraging Hidden Convex Structures},
  author={Adajania, Vivek Kantilal and Masnavi, Houman and Rastgar, Fatemeh and Kruusamae, Karl and Singh, Arun Kumar},
  booktitle={2021 IEEE/RSJ International Conference on Intelligent Robots and Systems (IROS)},
  pages={571--578},
  year={2021},
  organization={IEEE}
}

@article{li2020efficient,
  title={Efficient trajectory planning for multiple non-holonomic mobile robots via prioritized trajectory optimization},
  author={Li, Juncheng and Ran, Maopeng and Xie, Lihua},
  journal={IEEE Robotics and Automation Letters},
  volume={6},
  number={2},
  pages={405--412},
  year={2020},
  publisher={IEEE}
}

@inproceedings{chen2015decoupled,
  title={Decoupled multiagent path planning via incremental sequential convex programming},
  author={Chen, Yufan and Cutler, Mark and How, Jonathan P},
  booktitle={2015 IEEE International Conference on Robotics and Automation (ICRA)},
  pages={5954--5961},
  year={2015},
  organization={IEEE}
}

@article{luis2020online,
  title={Online trajectory generation with distributed model predictive control for multi-robot motion planning},
  author={Luis, Carlos E and Vukosavljev, Marijan and Schoellig, Angela P},
  journal={IEEE Robotics and Automation Letters},
  volume={5},
  number={2},
  pages={604--611},
  year={2020},
  publisher={IEEE}
}

@article{li_GPUmatmul,
author = {Li, Junjie and Ranka, Sanjay and Sahni, Sartaj},
year = {2012},
month = {05},
pages = {},
title = {GPU Matrix Multiplication},
isbn = {978-1-4613-9694-9},
doi = {10.1007/978-1-4613-9692-5_3}
}

@INPROCEEDINGS{ros_gazebo,
  author={Koenig, N. and Howard, A.},
  booktitle={2004 IEEE/RSJ International Conference on Intelligent Robots and Systems (IROS)}, 
  title={Design and use paradigms for Gazebo, an open-source multi-robot simulator}, 
  year={2004},
  volume={3},
  number={},
  pages={2149-2154 vol.3},
  doi={10.1109/IROS.2004.1389727}}

@ARTICLE{dwa,
  author={Fox, D. and Burgard, W. and Thrun, S.},
  journal={IEEE Robotics   Automation Magazine}, 
  title={The dynamic window approach to collision avoidance}, 
  year={1997},
  volume={4},
  number={1},
  pages={23-33},
  doi={10.1109/100.580977}}