@article{overview_robot,
title = {Heuristic approaches in robot path planning: A survey},
journal = {Robotics and Autonomous Systems},
volume = {86},
pages = {13-28},
year = {2016},
issn = {0921-8890},
doi = {https://doi.org/10.1016/j.robot.2016.08.001},
url = {https://www.sciencedirect.com/science/article/pii/S0921889015300671},
author = {Thi Thoa Mac and Cosmin Copot and Duc Trung Tran and Robin {De Keyser}},
keywords = {Autonomous navigation, Robot path planning, Heuristic methods, Neural network, Fuzzy logic, Nature inspired algorithms, Potential field method},
}

@article{bernstein_gen,
author = {Acikgoz, Mehmet and Araci, Serkan},
year = {2010},
month = {09},
pages = {1141-1143},
title = {On the Generating Function for Bernstein Polynomials},
volume = {1281},
journal = {AIP Conference Proceedings},
doi = {10.1063/1.3497855}
}

@INPROCEEDINGS{CDC_time_scaling,
  author={Singh, Arun Kumar and Krishna, K. Madhava},
  booktitle={52nd IEEE Conference on Decision and Control}, 
  title={Reactive collision avoidance for multiple robots by non-linear time scaling}, 
  year={2013},
  volume={},
  number={},
  pages={952-958},
  doi={10.1109/CDC.2013.6760005}}

@inproceedings{RVO,
author = {van den Berg, Jur and Lin, Ming and Manocha, Dinesh},
year = {2008},
month = {05},
pages = {1928-1935},
title = {Reciprocal Velocity Obstacles for Real-Time Multi-agent Navigation},
journal = {ICRA},
doi = {10.1109/ROBOT.2008.4543489}
}

@article{RRT-og,
  title={Rapidly-exploring random trees : a new tool for path planning},
  author={Steven M. LaValle},
  journal={The annual research report},
  year={1998}
}

@article{EBS-A*,
    doi = {10.1371/journal.pone.0263841},
    author = {Wang, Huanwei AND Lou, Shangjie AND Jing, Jing AND Wang, Yisen AND Liu, Wei AND Liu, Tieming},
    journal = {PLOS ONE},
    publisher = {Public Library of Science},
    title = {The EBS-A* algorithm: An improved A* algorithm for path planning},
    year = {2022},
    month = {02},
    volume = {17},
    url = {https://doi.org/10.1371/journal.pone.0263841},
    pages = {1-27},
    }

@ARTICLE{A*,
  author={Hart, Peter E. and Nilsson, Nils J. and Raphael, Bertram},
  journal={IEEE Transactions on Systems Science and Cybernetics}, 
  title={A Formal Basis for the Heuristic Determination of Minimum Cost Paths}, 
  year={1968},
  volume={4},
  number={2},
  pages={100-107},
  doi={10.1109/TSSC.1968.300136}}

@misc{VP-STO,
  doi = {10.48550/ARXIV.2210.04067},
  url = {https://arxiv.org/abs/2210.04067},
  author = {Jankowski, Julius and Bruderm√ºller, Lara and Hawes, Nick and Calinon, Sylvain},
  keywords = {Robotics (cs.RO), FOS: Computer and information sciences, FOS: Computer and information sciences},
  title = {VP-STO: Via-point-based Stochastic Trajectory Optimization for Reactive Robot Behavior},
  publisher = {arXiv},
  year = {2022},
  copyright = {Creative Commons Attribution 4.0 International}
}

@article{CBS,
title = {Conflict-based search for optimal multi-agent pathfinding},
journal = {Artificial Intelligence},
volume = {219},
pages = {40-66},
year = {2015},
issn = {0004-3702},
doi = {https://doi.org/10.1016/j.artint.2014.11.006},
url = {https://www.sciencedirect.com/science/article/pii/S0004370214001386},
author = {Guni Sharon and Roni Stern and Ariel Felner and Nathan R. Sturtevant},
keywords = {Heuristic search, Multi-agent, Pathfinding}
}

@inproceedings{PaS,
  title={Push and Swap: Fast Cooperative Path-Finding with Completeness Guarantees},
  author={Ryan Luna and Kostas E. Bekris},
  booktitle={International Joint Conference on Artificial Intelligence},
  year={2011}
}

@article{DH-Franka,
author = {Gaz, Claudio and Cognetti, Marco and Oliva, Alexander and Giordano, Paolo and Luca, Alessandro},
year = {2019},
month = {07},
pages = {1-1},
title = {Dynamic Identification of the Franka Emika Panda Robot With Retrieval of Feasible Parameters Using Penalty-Based Optimization},
volume = {PP},
journal = {IEEE Robotics and Automation Letters},
doi = {10.1109/LRA.2019.2931248}
}

@misc{TrajOpt, title={TrajOpt}, url={http://joschu.net/docs/trajopt-paper.pdf}, author={Schulman, John and Ho, Jonathan and Lee, Alex and Awwal, Ibrahim and Bradlow, Henry and Abbeel, Pieter}} 

@article{OpenRAVE,
author = {Diankov, Rosen and Kuffner, James},
year = {2011},
month = {04},
pages = {},
title = {OpenRAVE: A Planning Architecture for Autonomous Robotics}
}

@book{CEM_og,
author = {Rubinstein, Reuven Y. and Kroese, Dirk P.},
title = {The Cross Entropy Method: A Unified Approach To Combinatorial Optimization, Monte-Carlo Simulation (Information Science and Statistics)},
year = {2004},
isbn = {038721240X},
publisher = {Springer-Verlag},
address = {Berlin, Heidelberg}
}